<?xml version="1.0" encoding="UTF-8"?><collection xmlns="http://www.loc.gov/MARC21/slim"><record><leader>00407nam--2200133-i-4500</leader><controlfield tag="001">000007925</controlfield><controlfield tag="002">20161230</controlfield><controlfield tag="005">20161230201027</controlfield><controlfield tag="008">060222s1000------------r-----000-0-eng-d</controlfield><datafield ind1=" " ind2=" " tag="100"><subfield code="a">Bridges William B. And Birdsall Charles K</subfield></datafield><datafield ind1=" " ind2=" " tag="245"><subfield code="a">Electron dynamics of diode regions</subfield></datafield><datafield ind1=" " ind2=" " tag="260"><subfield code="a">New York, Academic Press, 1966 Xv + 270 P</subfield></datafield><datafield ind1=" " ind2=" " tag="490"><subfield code="a">Electrical Science. A Series Of Monographs And Texts</subfield></datafield><datafield ind1=" " ind2=" " tag="852"><subfield code="a">25245</subfield></datafield></record></collection>